%YAML 1.1
%TAG !u! tag:unity3d.com,2011:
--- !u!241 &24100000
AudioMixerController:
  m_ObjectHideFlags: 0
  m_PrefabParentObject: {fileID: 0}
  m_PrefabInternal: {fileID: 0}
  m_Name: Main
  m_OutputGroup: {fileID: 0}
  m_MasterGroup: {fileID: 24300002}
  m_Snapshots:
  - {fileID: 24500006}
  m_StartSnapshot: {fileID: 24500006}
  m_SuspendThreshold: -80
  m_EnableSuspend: 1
  m_UpdateMode: 0
  m_ExposedParameters: []
  m_AudioMixerGroupViews:
  - guids:
    - 3fe465ee02c561b4e8b899f33ec18722
    - 6300002a5bf9ed04589d97737af623f5
    name: View
  m_CurrentViewIndex: 0
  m_TargetSnapshot: {fileID: 24500006}
--- !u!243 &24300002
AudioMixerGroupController:
  m_ObjectHideFlags: 0
  m_PrefabParentObject: {fileID: 0}
  m_PrefabInternal: {fileID: 0}
  m_Name: Master
  m_AudioMixer: {fileID: 24100000}
  m_GroupID: 3fe465ee02c561b4e8b899f33ec18722
  m_Children:
  - {fileID: 243798290174120484}
  m_Volume: c36d1a8bffb23534db8d599c4d83169c
  m_Pitch: 7d66be1022cee6148a39d2cf5ac5177a
  m_Effects:
  - {fileID: 24400004}
  m_UserColorIndex: 0
  m_Mute: 0
  m_Solo: 0
  m_BypassEffects: 0
--- !u!244 &24400004
AudioMixerEffectController:
  m_ObjectHideFlags: 3
  m_PrefabParentObject: {fileID: 0}
  m_PrefabInternal: {fileID: 0}
  m_Name: 
  m_EffectID: 378b1cecffb777147bcea0729b8793b3
  m_EffectName: Attenuation
  m_MixLevel: 9d827134f2cbaf64a84547d33fe922ab
  m_Parameters: []
  m_SendTarget: {fileID: 0}
  m_EnableWetMix: 0
  m_Bypass: 0
--- !u!245 &24500006
AudioMixerSnapshotController:
  m_ObjectHideFlags: 0
  m_PrefabParentObject: {fileID: 0}
  m_PrefabInternal: {fileID: 0}
  m_Name: Snapshot
  m_AudioMixer: {fileID: 24100000}
  m_SnapshotID: 2231f9cefca8bcc4d8a6aa20d0209aa9
  m_FloatValues:
    342b826f0e3bd3a4f8d4cc377cbf3147: -19.255655
  m_TransitionOverrides: {}
--- !u!243 &243798290174120484
AudioMixerGroupController:
  m_ObjectHideFlags: 0
  m_PrefabParentObject: {fileID: 0}
  m_PrefabInternal: {fileID: 0}
  m_Name: Creatures
  m_AudioMixer: {fileID: 24100000}
  m_GroupID: 6300002a5bf9ed04589d97737af623f5
  m_Children: []
  m_Volume: 342b826f0e3bd3a4f8d4cc377cbf3147
  m_Pitch: 83881d91779e3f94689fc57a3e6475e2
  m_Effects:
  - {fileID: 244251953130312254}
  m_UserColorIndex: 0
  m_Mute: 0
  m_Solo: 0
  m_BypassEffects: 0
--- !u!244 &244251953130312254
AudioMixerEffectController:
  m_ObjectHideFlags: 3
  m_PrefabParentObject: {fileID: 0}
  m_PrefabInternal: {fileID: 0}
  m_Name: 
  m_EffectID: 9ca9ccc7009971640b3b6593ed1ae586
  m_EffectName: Attenuation
  m_MixLevel: 59ee78be02d31804caa25a19575b391a
  m_Parameters: []
  m_SendTarget: {fileID: 0}
  m_EnableWetMix: 0
  m_Bypass: 0
