%YAML 1.1
%TAG !u! tag:unity3d.com,2011:
--- !u!1001 &100100000
Prefab:
  m_ObjectHideFlags: 1
  serializedVersion: 2
  m_Modification:
    m_TransformParent: {fileID: 0}
    m_Modifications: []
    m_RemovedComponents: []
  m_ParentPrefab: {fileID: 0}
  m_RootGameObject: {fileID: 1757762009035298}
  m_IsPrefabParent: 1
--- !u!1 &1042578898968304
GameObject:
  m_ObjectHideFlags: 1
  m_PrefabParentObject: {fileID: 0}
  m_PrefabInternal: {fileID: 100100000}
  serializedVersion: 5
  m_Component:
  - component: {fileID: 4430896761905724}
  m_Layer: 0
  m_Name: Bip001 L Finger0Nub
  m_TagString: Untagged
  m_Icon: {fileID: 0}
  m_NavMeshLayer: 0
  m_StaticEditorFlags: 0
  m_IsActive: 1
--- !u!1 &1067758720528946
GameObject:
  m_ObjectHideFlags: 1
  m_PrefabParentObject: {fileID: 0}
  m_PrefabInternal: {fileID: 100100000}
  serializedVersion: 5
  m_Component:
  - component: {fileID: 4593430664282678}
  m_Layer: 0
  m_Name: Bip001 L Calf
  m_TagString: Untagged
  m_Icon: {fileID: 0}
  m_NavMeshLayer: 0
  m_StaticEditorFlags: 0
  m_IsActive: 1
--- !u!1 &1088130756262410
GameObject:
  m_ObjectHideFlags: 1
  m_PrefabParentObject: {fileID: 0}
  m_PrefabInternal: {fileID: 100100000}
  serializedVersion: 5
  m_Component:
  - component: {fileID: 4095756220136980}
  m_Layer: 0
  m_Name: Bip001 R Finger0
  m_TagString: Untagged
  m_Icon: {fileID: 0}
  m_NavMeshLayer: 0
  m_StaticEditorFlags: 0
  m_IsActive: 1
--- !u!1 &1123106709456716
GameObject:
  m_ObjectHideFlags: 1
  m_PrefabParentObject: {fileID: 0}
  m_PrefabInternal: {fileID: 100100000}
  serializedVersion: 5
  m_Component:
  - component: {fileID: 4545573688571006}
  m_Layer: 0
  m_Name: Bip001 L Forearm
  m_TagString: Untagged
  m_Icon: {fileID: 0}
  m_NavMeshLayer: 0
  m_StaticEditorFlags: 0
  m_IsActive: 1
--- !u!1 &1123332337038474
GameObject:
  m_ObjectHideFlags: 1
  m_PrefabParentObject: {fileID: 0}
  m_PrefabInternal: {fileID: 100100000}
  serializedVersion: 5
  m_Component:
  - component: {fileID: 4125611150206846}
  m_Layer: 0
  m_Name: Bip001 L Hand
  m_TagString: Untagged
  m_Icon: {fileID: 0}
  m_NavMeshLayer: 0
  m_StaticEditorFlags: 0
  m_IsActive: 1
--- !u!1 &1123581931612750
GameObject:
  m_ObjectHideFlags: 0
  m_PrefabParentObject: {fileID: 0}
  m_PrefabInternal: {fileID: 100100000}
  serializedVersion: 5
  m_Component:
  - component: {fileID: 4216622343694334}
  - component: {fileID: 137188523656003934}
  m_Layer: 0
  m_Name: Object002
  m_TagString: Untagged
  m_Icon: {fileID: 0}
  m_NavMeshLayer: 0
  m_StaticEditorFlags: 0
  m_IsActive: 1
--- !u!1 &1145325163114592
GameObject:
  m_ObjectHideFlags: 1
  m_PrefabParentObject: {fileID: 0}
  m_PrefabInternal: {fileID: 100100000}
  serializedVersion: 5
  m_Component:
  - component: {fileID: 4358350749088716}
  m_Layer: 0
  m_Name: Bip001 Neck
  m_TagString: Untagged
  m_Icon: {fileID: 0}
  m_NavMeshLayer: 0
  m_StaticEditorFlags: 0
  m_IsActive: 1
--- !u!1 &1146945634222988
GameObject:
  m_ObjectHideFlags: 0
  m_PrefabParentObject: {fileID: 0}
  m_PrefabInternal: {fileID: 100100000}
  serializedVersion: 5
  m_Component:
  - component: {fileID: 4995239895278502}
  m_Layer: 0
  m_Name: Bip001
  m_TagString: Untagged
  m_Icon: {fileID: 0}
  m_NavMeshLayer: 0
  m_StaticEditorFlags: 0
  m_IsActive: 1
--- !u!1 &1162972453043598
GameObject:
  m_ObjectHideFlags: 1
  m_PrefabParentObject: {fileID: 0}
  m_PrefabInternal: {fileID: 100100000}
  serializedVersion: 5
  m_Component:
  - component: {fileID: 4634426908794700}
  m_Layer: 0
  m_Name: Bip001 Tail
  m_TagString: Untagged
  m_Icon: {fileID: 0}
  m_NavMeshLayer: 0
  m_StaticEditorFlags: 0
  m_IsActive: 1
--- !u!1 &1221850230444478
GameObject:
  m_ObjectHideFlags: 1
  m_PrefabParentObject: {fileID: 0}
  m_PrefabInternal: {fileID: 100100000}
  serializedVersion: 5
  m_Component:
  - component: {fileID: 4109173105187998}
  m_Layer: 0
  m_Name: Bip001 R Toe0
  m_TagString: Untagged
  m_Icon: {fileID: 0}
  m_NavMeshLayer: 0
  m_StaticEditorFlags: 0
  m_IsActive: 1
--- !u!1 &1225737574788830
GameObject:
  m_ObjectHideFlags: 1
  m_PrefabParentObject: {fileID: 0}
  m_PrefabInternal: {fileID: 100100000}
  serializedVersion: 5
  m_Component:
  - component: {fileID: 4615902322046090}
  m_Layer: 0
  m_Name: Bip001 Head
  m_TagString: Untagged
  m_Icon: {fileID: 0}
  m_NavMeshLayer: 0
  m_StaticEditorFlags: 0
  m_IsActive: 1
--- !u!1 &1253074201159388
GameObject:
  m_ObjectHideFlags: 1
  m_PrefabParentObject: {fileID: 0}
  m_PrefabInternal: {fileID: 100100000}
  serializedVersion: 5
  m_Component:
  - component: {fileID: 4322055687362508}
  m_Layer: 0
  m_Name: Bip001 L Clavicle
  m_TagString: Untagged
  m_Icon: {fileID: 0}
  m_NavMeshLayer: 0
  m_StaticEditorFlags: 0
  m_IsActive: 1
--- !u!1 &1290201603998930
GameObject:
  m_ObjectHideFlags: 1
  m_PrefabParentObject: {fileID: 0}
  m_PrefabInternal: {fileID: 100100000}
  serializedVersion: 5
  m_Component:
  - component: {fileID: 4493419416047520}
  m_Layer: 0
  m_Name: Bip001 R Finger0Nub
  m_TagString: Untagged
  m_Icon: {fileID: 0}
  m_NavMeshLayer: 0
  m_StaticEditorFlags: 0
  m_IsActive: 1
--- !u!1 &1324888422400582
GameObject:
  m_ObjectHideFlags: 1
  m_PrefabParentObject: {fileID: 0}
  m_PrefabInternal: {fileID: 100100000}
  serializedVersion: 5
  m_Component:
  - component: {fileID: 4956218057303274}
  m_Layer: 0
  m_Name: Bip001 Pelvis
  m_TagString: Untagged
  m_Icon: {fileID: 0}
  m_NavMeshLayer: 0
  m_StaticEditorFlags: 0
  m_IsActive: 1
--- !u!1 &1447038406867356
GameObject:
  m_ObjectHideFlags: 1
  m_PrefabParentObject: {fileID: 0}
  m_PrefabInternal: {fileID: 100100000}
  serializedVersion: 5
  m_Component:
  - component: {fileID: 4204118969970588}
  m_Layer: 0
  m_Name: Bip001 HeadNub
  m_TagString: Untagged
  m_Icon: {fileID: 0}
  m_NavMeshLayer: 0
  m_StaticEditorFlags: 0
  m_IsActive: 1
--- !u!1 &1463292093596786
GameObject:
  m_ObjectHideFlags: 1
  m_PrefabParentObject: {fileID: 0}
  m_PrefabInternal: {fileID: 100100000}
  serializedVersion: 5
  m_Component:
  - component: {fileID: 4276301845408370}
  m_Layer: 0
  m_Name: Bip001 R Hand
  m_TagString: Untagged
  m_Icon: {fileID: 0}
  m_NavMeshLayer: 0
  m_StaticEditorFlags: 0
  m_IsActive: 1
--- !u!1 &1517863304224060
GameObject:
  m_ObjectHideFlags: 1
  m_PrefabParentObject: {fileID: 0}
  m_PrefabInternal: {fileID: 100100000}
  serializedVersion: 5
  m_Component:
  - component: {fileID: 4168674479835016}
  m_Layer: 0
  m_Name: Bip001 Spine
  m_TagString: Untagged
  m_Icon: {fileID: 0}
  m_NavMeshLayer: 0
  m_StaticEditorFlags: 0
  m_IsActive: 1
--- !u!1 &1586356599080142
GameObject:
  m_ObjectHideFlags: 1
  m_PrefabParentObject: {fileID: 0}
  m_PrefabInternal: {fileID: 100100000}
  serializedVersion: 5
  m_Component:
  - component: {fileID: 4591974691447078}
  m_Layer: 0
  m_Name: Bip001 L Toe0
  m_TagString: Untagged
  m_Icon: {fileID: 0}
  m_NavMeshLayer: 0
  m_StaticEditorFlags: 0
  m_IsActive: 1
--- !u!1 &1603291543739250
GameObject:
  m_ObjectHideFlags: 1
  m_PrefabParentObject: {fileID: 0}
  m_PrefabInternal: {fileID: 100100000}
  serializedVersion: 5
  m_Component:
  - component: {fileID: 4855674134412676}
  m_Layer: 0
  m_Name: Bip001 R Thigh
  m_TagString: Untagged
  m_Icon: {fileID: 0}
  m_NavMeshLayer: 0
  m_StaticEditorFlags: 0
  m_IsActive: 1
--- !u!1 &1631587562266348
GameObject:
  m_ObjectHideFlags: 1
  m_PrefabParentObject: {fileID: 0}
  m_PrefabInternal: {fileID: 100100000}
  serializedVersion: 5
  m_Component:
  - component: {fileID: 4481272792535636}
  m_Layer: 0
  m_Name: Bip001 R Toe0Nub
  m_TagString: Untagged
  m_Icon: {fileID: 0}
  m_NavMeshLayer: 0
  m_StaticEditorFlags: 0
  m_IsActive: 1
--- !u!1 &1654818773179174
GameObject:
  m_ObjectHideFlags: 1
  m_PrefabParentObject: {fileID: 0}
  m_PrefabInternal: {fileID: 100100000}
  serializedVersion: 5
  m_Component:
  - component: {fileID: 4501334522432266}
  m_Layer: 0
  m_Name: Bip001 L Foot
  m_TagString: Untagged
  m_Icon: {fileID: 0}
  m_NavMeshLayer: 0
  m_StaticEditorFlags: 0
  m_IsActive: 1
--- !u!1 &1664196579188506
GameObject:
  m_ObjectHideFlags: 1
  m_PrefabParentObject: {fileID: 0}
  m_PrefabInternal: {fileID: 100100000}
  serializedVersion: 5
  m_Component:
  - component: {fileID: 4064210046979830}
  m_Layer: 0
  m_Name: Bip001 R Forearm
  m_TagString: Untagged
  m_Icon: {fileID: 0}
  m_NavMeshLayer: 0
  m_StaticEditorFlags: 0
  m_IsActive: 1
--- !u!1 &1683178791655468
GameObject:
  m_ObjectHideFlags: 1
  m_PrefabParentObject: {fileID: 0}
  m_PrefabInternal: {fileID: 100100000}
  serializedVersion: 5
  m_Component:
  - component: {fileID: 4200846118557102}
  m_Layer: 0
  m_Name: Bip001 R UpperArm
  m_TagString: Untagged
  m_Icon: {fileID: 0}
  m_NavMeshLayer: 0
  m_StaticEditorFlags: 0
  m_IsActive: 1
--- !u!1 &1692596725005110
GameObject:
  m_ObjectHideFlags: 1
  m_PrefabParentObject: {fileID: 0}
  m_PrefabInternal: {fileID: 100100000}
  serializedVersion: 5
  m_Component:
  - component: {fileID: 4920366392979782}
  m_Layer: 0
  m_Name: Bip001 Footsteps
  m_TagString: Untagged
  m_Icon: {fileID: 0}
  m_NavMeshLayer: 0
  m_StaticEditorFlags: 0
  m_IsActive: 1
--- !u!1 &1704897189135124
GameObject:
  m_ObjectHideFlags: 1
  m_PrefabParentObject: {fileID: 0}
  m_PrefabInternal: {fileID: 100100000}
  serializedVersion: 5
  m_Component:
  - component: {fileID: 4367961208356030}
  m_Layer: 0
  m_Name: Bip001 R Foot
  m_TagString: Untagged
  m_Icon: {fileID: 0}
  m_NavMeshLayer: 0
  m_StaticEditorFlags: 0
  m_IsActive: 1
--- !u!1 &1729639792866356
GameObject:
  m_ObjectHideFlags: 1
  m_PrefabParentObject: {fileID: 0}
  m_PrefabInternal: {fileID: 100100000}
  serializedVersion: 5
  m_Component:
  - component: {fileID: 4991224042936108}
  m_Layer: 0
  m_Name: Bip001 R Calf
  m_TagString: Untagged
  m_Icon: {fileID: 0}
  m_NavMeshLayer: 0
  m_StaticEditorFlags: 0
  m_IsActive: 1
--- !u!1 &1757762009035298
GameObject:
  m_ObjectHideFlags: 0
  m_PrefabParentObject: {fileID: 0}
  m_PrefabInternal: {fileID: 100100000}
  serializedVersion: 5
  m_Component:
  - component: {fileID: 4025142537291050}
  - component: {fileID: 95465196936817088}
  - component: {fileID: 114801711101726710}
  - component: {fileID: 114457257757745706}
  - component: {fileID: 195796612731555110}
  - component: {fileID: 114756550992888722}
  - component: {fileID: 114385512757822080}
  - component: {fileID: 114015625127649548}
  - component: {fileID: 114347050845507540}
  - component: {fileID: 82702414582050322}
  - component: {fileID: 65327085544582068}
  m_Layer: 0
  m_Name: Cat
  m_TagString: Untagged
  m_Icon: {fileID: 0}
  m_NavMeshLayer: 0
  m_StaticEditorFlags: 0
  m_IsActive: 1
--- !u!1 &1781563778551468
GameObject:
  m_ObjectHideFlags: 1
  m_PrefabParentObject: {fileID: 0}
  m_PrefabInternal: {fileID: 100100000}
  serializedVersion: 5
  m_Component:
  - component: {fileID: 4344536534933218}
  m_Layer: 0
  m_Name: Bip001 TailNub
  m_TagString: Untagged
  m_Icon: {fileID: 0}
  m_NavMeshLayer: 0
  m_StaticEditorFlags: 0
  m_IsActive: 1
--- !u!1 &1859645912702678
GameObject:
  m_ObjectHideFlags: 1
  m_PrefabParentObject: {fileID: 0}
  m_PrefabInternal: {fileID: 100100000}
  serializedVersion: 5
  m_Component:
  - component: {fileID: 4933145668830676}
  m_Layer: 0
  m_Name: Bip001 L Thigh
  m_TagString: Untagged
  m_Icon: {fileID: 0}
  m_NavMeshLayer: 0
  m_StaticEditorFlags: 0
  m_IsActive: 1
--- !u!1 &1936024441950122
GameObject:
  m_ObjectHideFlags: 1
  m_PrefabParentObject: {fileID: 0}
  m_PrefabInternal: {fileID: 100100000}
  serializedVersion: 5
  m_Component:
  - component: {fileID: 4320761249435836}
  m_Layer: 0
  m_Name: Bip001 L Toe0Nub
  m_TagString: Untagged
  m_Icon: {fileID: 0}
  m_NavMeshLayer: 0
  m_StaticEditorFlags: 0
  m_IsActive: 1
--- !u!1 &1948281993133512
GameObject:
  m_ObjectHideFlags: 1
  m_PrefabParentObject: {fileID: 0}
  m_PrefabInternal: {fileID: 100100000}
  serializedVersion: 5
  m_Component:
  - component: {fileID: 4645956781297806}
  m_Layer: 0
  m_Name: Bip001 L Finger0
  m_TagString: Untagged
  m_Icon: {fileID: 0}
  m_NavMeshLayer: 0
  m_StaticEditorFlags: 0
  m_IsActive: 1
--- !u!1 &1972054757726730
GameObject:
  m_ObjectHideFlags: 1
  m_PrefabParentObject: {fileID: 0}
  m_PrefabInternal: {fileID: 100100000}
  serializedVersion: 5
  m_Component:
  - component: {fileID: 4341377513264314}
  m_Layer: 0
  m_Name: Bip001 L UpperArm
  m_TagString: Untagged
  m_Icon: {fileID: 0}
  m_NavMeshLayer: 0
  m_StaticEditorFlags: 0
  m_IsActive: 1
--- !u!1 &1985143602019752
GameObject:
  m_ObjectHideFlags: 1
  m_PrefabParentObject: {fileID: 0}
  m_PrefabInternal: {fileID: 100100000}
  serializedVersion: 5
  m_Component:
  - component: {fileID: 4018444707210760}
  m_Layer: 0
  m_Name: Bip001 R Clavicle
  m_TagString: Untagged
  m_Icon: {fileID: 0}
  m_NavMeshLayer: 0
  m_StaticEditorFlags: 0
  m_IsActive: 1
--- !u!4 &4018444707210760
Transform:
  m_ObjectHideFlags: 1
  m_PrefabParentObject: {fileID: 0}
  m_PrefabInternal: {fileID: 100100000}
  m_GameObject: {fileID: 1985143602019752}
  m_LocalRotation: {x: 0.7071067, y: 0.0002791064, z: 0.70710677, w: -0.00028106765}
  m_LocalPosition: {x: 0.90451646, y: 1.717315, z: -0.92721564}
  m_LocalScale: {x: 1, y: 0.9999999, z: 0.99999994}
  m_Children:
  - {fileID: 4200846118557102}
  m_Father: {fileID: 4358350749088716}
  m_RootOrder: 2
  m_LocalEulerAnglesHint: {x: -0.0045089726, y: 90, z: -179.99983}
--- !u!4 &4025142537291050
Transform:
  m_ObjectHideFlags: 1
  m_PrefabParentObject: {fileID: 0}
  m_PrefabInternal: {fileID: 100100000}
  m_GameObject: {fileID: 1757762009035298}
  m_LocalRotation: {x: 0, y: 0, z: 0, w: 1}
  m_LocalPosition: {x: 168.38, y: -0.002380371, z: 82.97}
  m_LocalScale: {x: 0.1, y: 0.1, z: 0.1}
  m_Children:
  - {fileID: 4995239895278502}
  - {fileID: 4216622343694334}
  m_Father: {fileID: 0}
  m_RootOrder: 0
  m_LocalEulerAnglesHint: {x: 0, y: 0, z: 0}
--- !u!4 &4064210046979830
Transform:
  m_ObjectHideFlags: 1
  m_PrefabParentObject: {fileID: 0}
  m_PrefabInternal: {fileID: 100100000}
  m_GameObject: {fileID: 1664196579188506}
  m_LocalRotation: {x: -0.0000000011495008, y: 0.0000000035435066, z: 0.30856675,
    w: 0.9512027}
  m_LocalPosition: {x: -1.2869617, y: -0.00000011920929, z: -0.00000023841858}
  m_LocalScale: {x: 0.9999999, y: 1, z: 1}
  m_Children:
  - {fileID: 4276301845408370}
  m_Father: {fileID: 4200846118557102}
  m_RootOrder: 0
  m_LocalEulerAnglesHint: {x: -0.00000021252764, y: 0.000000019765594, z: -5.3133373}
--- !u!4 &4095756220136980
Transform:
  m_ObjectHideFlags: 1
  m_PrefabParentObject: {fileID: 0}
  m_PrefabInternal: {fileID: 100100000}
  m_GameObject: {fileID: 1088130756262410}
  m_LocalRotation: {x: 0.00039815926, y: 9.313225e-10, z: -3.708147e-13, w: 0.99999994}
  m_LocalPosition: {x: -0.5045615, y: 0, z: -0.00000011920929}
  m_LocalScale: {x: 1, y: 1, z: 1.0000001}
  m_Children:
  - {fileID: 4493419416047520}
  m_Father: {fileID: 4276301845408370}
  m_RootOrder: 0
  m_LocalEulerAnglesHint: {x: 0.04562589, y: 4.7520436e-11, z: 0.00000005967516}
--- !u!4 &4109173105187998
Transform:
  m_ObjectHideFlags: 1
  m_PrefabParentObject: {fileID: 0}
  m_PrefabInternal: {fileID: 100100000}
  m_GameObject: {fileID: 1221850230444478}
  m_LocalRotation: {x: -0.00000011098592, y: -0.0000004790699, z: -0.70710665, w: 0.707107}
  m_LocalPosition: {x: -0.49242848, y: 0.55270696, z: 0}
  m_LocalScale: {x: 1, y: 1, z: 1}
  m_Children:
  - {fileID: 4481272792535636}
  m_Father: {fileID: 4367961208356030}
  m_RootOrder: 0
  m_LocalEulerAnglesHint: {x: 0.000021600548, y: 0.000008832047, z: -89.999985}
--- !u!4 &4125611150206846
Transform:
  m_ObjectHideFlags: 1
  m_PrefabParentObject: {fileID: 0}
  m_PrefabInternal: {fileID: 100100000}
  m_GameObject: {fileID: 1123332337038474}
  m_LocalRotation: {x: -0.6867801, y: 0.14065523, z: -0.119084366, w: 0.7031132}
  m_LocalPosition: {x: -0.5163331, y: 0, z: 0}
  m_LocalScale: {x: 1, y: 1, z: 1}
  m_Children:
  - {fileID: 4645956781297806}
  m_Father: {fileID: 4545573688571006}
  m_RootOrder: 0
  m_LocalEulerAnglesHint: {x: -85.29519, y: -78.650314, z: 81.74485}
--- !u!4 &4168674479835016
Transform:
  m_ObjectHideFlags: 1
  m_PrefabParentObject: {fileID: 0}
  m_PrefabInternal: {fileID: 100100000}
  m_GameObject: {fileID: 1517863304224060}
  m_LocalRotation: {x: -0.0000020696177, y: 0.00000068146886, z: 0.014429401, w: 0.99989593}
  m_LocalPosition: {x: -1.5000046, y: -0.03836298, z: 0.0000020917505}
  m_LocalScale: {x: 1.0000001, y: 1.0000001, z: 1}
  m_Children:
  - {fileID: 4933145668830676}
  - {fileID: 4358350749088716}
  - {fileID: 4855674134412676}
  - {fileID: 4634426908794700}
  m_Father: {fileID: 4956218057303274}
  m_RootOrder: 0
  m_LocalEulerAnglesHint: {x: -0.029203393, y: 5.4666157, z: 2.7849765}
--- !u!4 &4200846118557102
Transform:
  m_ObjectHideFlags: 1
  m_PrefabParentObject: {fileID: 0}
  m_PrefabInternal: {fileID: 100100000}
  m_GameObject: {fileID: 1683178791655468}
  m_LocalRotation: {x: 0.42657915, y: 0.55762744, z: 0.41872337, w: 0.5759797}
  m_LocalPosition: {x: -0.7232987, y: 0, z: -0.00000011920929}
  m_LocalScale: {x: 1.0000001, y: 1.0000001, z: 1.0000001}
  m_Children:
  - {fileID: 4064210046979830}
  m_Father: {fileID: 4018444707210760}
  m_RootOrder: 0
  m_LocalEulerAnglesHint: {x: 2.6557608, y: 90.86537, z: 109.15793}
--- !u!4 &4204118969970588
Transform:
  m_ObjectHideFlags: 1
  m_PrefabParentObject: {fileID: 0}
  m_PrefabInternal: {fileID: 100100000}
  m_GameObject: {fileID: 1447038406867356}
  m_LocalRotation: {x: 2.9103833e-10, y: 1.8189894e-10, z: -0.000000014901163, w: 1}
  m_LocalPosition: {x: -4.4463525, y: -0.00000023841858, z: 0}
  m_LocalScale: {x: 0.99999994, y: 0.9999999, z: 1}
  m_Children: []
  m_Father: {fileID: 4615902322046090}
  m_RootOrder: 0
  m_LocalEulerAnglesHint: {x: 7.739851e-12, y: -4.552856e-13, z: 0}
--- !u!4 &4216622343694334
Transform:
  m_ObjectHideFlags: 1
  m_PrefabParentObject: {fileID: 0}
  m_PrefabInternal: {fileID: 100100000}
  m_GameObject: {fileID: 1123581931612750}
  m_LocalRotation: {x: -0.7071068, y: 0, z: -0, w: 0.7071068}
  m_LocalPosition: {x: 0.0000000012109441, y: 0.0000000012109441, z: -0.027703172}
  m_LocalScale: {x: 1, y: 1, z: 1}
  m_Children: []
  m_Father: {fileID: 4025142537291050}
  m_RootOrder: 1
  m_LocalEulerAnglesHint: {x: 0, y: 0, z: 0}
--- !u!4 &4276301845408370
Transform:
  m_ObjectHideFlags: 1
  m_PrefabParentObject: {fileID: 0}
  m_PrefabInternal: {fileID: 100100000}
  m_GameObject: {fileID: 1463292093596786}
  m_LocalRotation: {x: 0.7036068, y: -0.115141176, z: -0.13630223, w: 0.6878239}
  m_LocalPosition: {x: -0.5163332, y: 0, z: 0.00000023841858}
  m_LocalScale: {x: 0.99999994, y: 1.0000001, z: 0.9999998}
  m_Children:
  - {fileID: 4095756220136980}
  m_Father: {fileID: 4064210046979830}
  m_RootOrder: 0
  m_LocalEulerAnglesHint: {x: 79.27915, y: -86.924416, z: -90.55518}
--- !u!4 &4320761249435836
Transform:
  m_ObjectHideFlags: 1
  m_PrefabParentObject: {fileID: 0}
  m_PrefabInternal: {fileID: 100100000}
  m_GameObject: {fileID: 1936024441950122}
  m_LocalRotation: {x: 1.1767117e-15, y: -7.2052814e-32, z: 1, w: 6.123234e-17}
  m_LocalPosition: {x: -0.042839408, y: 5.820766e-11, z: 0}
  m_LocalScale: {x: -1, y: -1, z: -1}
  m_Children: []
  m_Father: {fileID: 4591974691447078}
  m_RootOrder: 0
  m_LocalEulerAnglesHint: {x: 7.28457e-12, y: 4.552856e-13, z: 180}
--- !u!4 &4322055687362508
Transform:
  m_ObjectHideFlags: 1
  m_PrefabParentObject: {fileID: 0}
  m_PrefabInternal: {fileID: 100100000}
  m_GameObject: {fileID: 1253074201159388}
  m_LocalRotation: {x: -0.70710677, y: -0.000300176, z: 0.70710677, w: -0.0002982148}
  m_LocalPosition: {x: 0.9045166, y: 1.71731, z: 0.92722523}
  m_LocalScale: {x: 1, y: 0.9999999, z: 0.99999994}
  m_Children:
  - {fileID: 4341377513264314}
  m_Father: {fileID: 4358350749088716}
  m_RootOrder: 1
  m_LocalEulerAnglesHint: {x: 0.010292054, y: -90, z: 179.99983}
--- !u!4 &4341377513264314
Transform:
  m_ObjectHideFlags: 1
  m_PrefabParentObject: {fileID: 0}
  m_PrefabInternal: {fileID: 100100000}
  m_GameObject: {fileID: 1972054757726730}
  m_LocalRotation: {x: -0.4156425, y: -0.56703717, z: 0.44496998, w: 0.55471784}
  m_LocalPosition: {x: -0.72329855, y: -0.00000023841858, z: 0.00000023841858}
  m_LocalScale: {x: 1, y: 1, z: 1.0000001}
  m_Children:
  - {fileID: 4545573688571006}
  m_Father: {fileID: 4322055687362508}
  m_RootOrder: 0
  m_LocalEulerAnglesHint: {x: 3.6733005, y: -89.45917, z: 66.7391}
--- !u!4 &4344536534933218
Transform:
  m_ObjectHideFlags: 1
  m_PrefabParentObject: {fileID: 0}
  m_PrefabInternal: {fileID: 100100000}
  m_GameObject: {fileID: 1781563778551468}
  m_LocalRotation: {x: 0.7073883, y: -0.70682526, z: -0.0000009801404, w: -0.0000009810059}
  m_LocalPosition: {x: -1.0731277, y: 0, z: 0}
  m_LocalScale: {x: 1, y: 0.99999994, z: 1}
  m_Children: []
  m_Father: {fileID: 4634426908794700}
  m_RootOrder: 0
  m_LocalEulerAnglesHint: {x: -0.00015989521, y: -180, z: -90.045616}
--- !u!4 &4358350749088716
Transform:
  m_ObjectHideFlags: 1
  m_PrefabParentObject: {fileID: 0}
  m_PrefabInternal: {fileID: 100100000}
  m_GameObject: {fileID: 1145325163114592}
  m_LocalRotation: {x: -2.9103834e-11, y: -7.1077016e-10, z: -2.0686136e-20, w: 1}
  m_LocalPosition: {x: -2.821999, y: -0.00017023087, z: 0.000000011175871}
  m_LocalScale: {x: 0.99999994, y: 0.99999994, z: 1}
  m_Children:
  - {fileID: 4615902322046090}
  - {fileID: 4322055687362508}
  - {fileID: 4018444707210760}
  m_Father: {fileID: 4168674479835016}
  m_RootOrder: 1
  m_LocalEulerAnglesHint: {x: 0, y: 0.000000023310614, z: 0}
--- !u!4 &4367961208356030
Transform:
  m_ObjectHideFlags: 1
  m_PrefabParentObject: {fileID: 0}
  m_PrefabInternal: {fileID: 100100000}
  m_GameObject: {fileID: 1704897189135124}
  m_LocalRotation: {x: 0.008024319, y: -0.0010111689, z: -0.123838, w: 0.9922695}
  m_LocalPosition: {x: -0.7997565, y: 0, z: -0.00000011920929}
  m_LocalScale: {x: 0.99999994, y: 0.9999999, z: 1}
  m_Children:
  - {fileID: 4109173105187998}
  m_Father: {fileID: 4991224042936108}
  m_RootOrder: 0
  m_LocalEulerAnglesHint: {x: -0.0000048514003, y: -0.000044149067, z: 8.444681}
--- !u!4 &4430896761905724
Transform:
  m_ObjectHideFlags: 1
  m_PrefabParentObject: {fileID: 0}
  m_PrefabInternal: {fileID: 100100000}
  m_GameObject: {fileID: 1042578898968304}
  m_LocalRotation: {x: -1.5279511e-10, y: -9.313226e-10, z: -1.4230154e-19, w: 1}
  m_LocalPosition: {x: -0.044919703, y: 0, z: 0}
  m_LocalScale: {x: 1, y: 1, z: 1}
  m_Children: []
  m_Father: {fileID: 4645956781297806}
  m_RootOrder: 0
  m_LocalEulerAnglesHint: {x: -0.00000003916184, y: -0.00000011935039, z: 0.00000011935039}
--- !u!4 &4481272792535636
Transform:
  m_ObjectHideFlags: 1
  m_PrefabParentObject: {fileID: 0}
  m_PrefabInternal: {fileID: 100100000}
  m_GameObject: {fileID: 1631587562266348}
  m_LocalRotation: {x: 0, y: 1.2327379e-16, z: -0, w: 1}
  m_LocalPosition: {x: -0.042839408, y: 5.820766e-11, z: 0}
  m_LocalScale: {x: 1, y: 1, z: 1}
  m_Children: []
  m_Father: {fileID: 4109173105187998}
  m_RootOrder: 0
  m_LocalEulerAnglesHint: {x: -7.28457e-12, y: 6.829277e-13, z: 3.0851352e-33}
--- !u!4 &4493419416047520
Transform:
  m_ObjectHideFlags: 1
  m_PrefabParentObject: {fileID: 0}
  m_PrefabInternal: {fileID: 100100000}
  m_GameObject: {fileID: 1290201603998930}
  m_LocalRotation: {x: -2.6731434e-27, y: -4.3655746e-11, z: 1, w: 6.123234e-17}
  m_LocalPosition: {x: -0.044919696, y: 0, z: 0}
  m_LocalScale: {x: -0.99999994, y: -1, z: -0.99999994}
  m_Children: []
  m_Father: {fileID: 4095756220136980}
  m_RootOrder: 0
  m_LocalEulerAnglesHint: {x: -0.000000059675195, y: -7.3081e-24, z: -180}
--- !u!4 &4501334522432266
Transform:
  m_ObjectHideFlags: 1
  m_PrefabParentObject: {fileID: 0}
  m_PrefabInternal: {fileID: 100100000}
  m_GameObject: {fileID: 1654818773179174}
  m_LocalRotation: {x: 0.008025172, y: -0.0010175577, z: -0.11602864, w: 0.99321294}
  m_LocalPosition: {x: -0.7997567, y: 0, z: 0}
  m_LocalScale: {x: 1, y: 0.99999994, z: 1}
  m_Children:
  - {fileID: 4591974691447078}
  m_Father: {fileID: 4593430664282678}
  m_RootOrder: 0
  m_LocalEulerAnglesHint: {x: -0.0015793839, y: -0.010623671, z: -18.62804}
--- !u!4 &4545573688571006
Transform:
  m_ObjectHideFlags: 1
  m_PrefabParentObject: {fileID: 0}
  m_PrefabInternal: {fileID: 100100000}
  m_GameObject: {fileID: 1123106709456716}
  m_LocalRotation: {x: 0.0000000013533669, y: -0.0000000073855886, z: 0.3008546, w: 0.95367}
  m_LocalPosition: {x: -1.2869618, y: -0.00000011920929, z: 0}
  m_LocalScale: {x: 0.99999994, y: 0.9999999, z: 1}
  m_Children:
  - {fileID: 4125611150206846}
  m_Father: {fileID: 4341377513264314}
  m_RootOrder: 0
  m_LocalEulerAnglesHint: {x: -0.000000009711613, y: -0.00000045130236, z: 17.737667}
--- !u!4 &4591974691447078
Transform:
  m_ObjectHideFlags: 1
  m_PrefabParentObject: {fileID: 0}
  m_PrefabInternal: {fileID: 100100000}
  m_GameObject: {fileID: 1586356599080142}
  m_LocalRotation: {x: -0.0000001418944, y: -0.00000044816144, z: -0.70710665, w: 0.707107}
  m_LocalPosition: {x: -0.4924285, y: 0.55270696, z: 0}
  m_LocalScale: {x: 1, y: 1, z: 1}
  m_Children:
  - {fileID: 4320761249435836}
  m_Father: {fileID: 4501334522432266}
  m_RootOrder: 0
  m_LocalEulerAnglesHint: {x: 0.00035103876, y: 0.00031907973, z: -89.20415}
--- !u!4 &4593430664282678
Transform:
  m_ObjectHideFlags: 1
  m_PrefabParentObject: {fileID: 0}
  m_PrefabInternal: {fileID: 100100000}
  m_GameObject: {fileID: 1067758720528946}
  m_LocalRotation: {x: 7.7742024e-10, y: -2.1214207e-10, z: 0.1612085, w: 0.9869204}
  m_LocalPosition: {x: -2.5382614, y: 0, z: 0}
  m_LocalScale: {x: 1, y: 1, z: 0.99999994}
  m_Children:
  - {fileID: 4501334522432266}
  m_Father: {fileID: 4933145668830676}
  m_RootOrder: 0
  m_LocalEulerAnglesHint: {x: 0.0000000012408383, y: -0.0000000023263667, z: 9.63962}
--- !u!4 &4615902322046090
Transform:
  m_ObjectHideFlags: 1
  m_PrefabParentObject: {fileID: 0}
  m_PrefabInternal: {fileID: 100100000}
  m_GameObject: {fileID: 1225737574788830}
  m_LocalRotation: {x: -3.6849268e-10, y: -0.000001474761, z: 0.5316805, w: 0.846945}
  m_LocalPosition: {x: -0.28997684, y: -0.51491594, z: -0.00000013038516}
  m_LocalScale: {x: 0.9999999, y: 1, z: 1}
  m_Children:
  - {fileID: 4204118969970588}
  m_Father: {fileID: 4358350749088716}
  m_RootOrder: 0
  m_LocalEulerAnglesHint: {x: 0.09205892, y: -0.81408757, z: 58.04309}
--- !u!4 &4634426908794700
Transform:
  m_ObjectHideFlags: 1
  m_PrefabParentObject: {fileID: 0}
  m_PrefabInternal: {fileID: 100100000}
  m_GameObject: {fileID: 1162972453043598}
  m_LocalRotation: {x: 0.015399652, y: -0.0014828712, z: 0.9829652, w: 0.18313985}
  m_LocalPosition: {x: 2.9927304, y: -1.8879361, z: -0.000007076189}
  m_LocalScale: {x: 0.99999994, y: 0.99999994, z: 0.99999994}
  m_Children:
  - {fileID: 4344536534933218}
  m_Father: {fileID: 4168674479835016}
  m_RootOrder: 3
  m_LocalEulerAnglesHint: {x: 2.0058746, y: 3.3892376, z: 154.78568}
--- !u!4 &4645956781297806
Transform:
  m_ObjectHideFlags: 1
  m_PrefabParentObject: {fileID: 0}
  m_PrefabInternal: {fileID: 100100000}
  m_GameObject: {fileID: 1948281993133512}
  m_LocalRotation: {x: -0.00039815938, y: -9.311371e-10, z: -4.6603205e-10, w: 0.99999994}
  m_LocalPosition: {x: -0.5045614, y: -0.00000011920929, z: 0}
  m_LocalScale: {x: 1, y: 0.99999994, z: 1}
  m_Children:
  - {fileID: 4430896761905724}
  m_Father: {fileID: 4125611150206846}
  m_RootOrder: 0
  m_LocalEulerAnglesHint: {x: -0.04562586, y: 0, z: 0}
--- !u!4 &4855674134412676
Transform:
  m_ObjectHideFlags: 1
  m_PrefabParentObject: {fileID: 0}
  m_PrefabInternal: {fileID: 100100000}
  m_GameObject: {fileID: 1603291543739250}
  m_LocalRotation: {x: 0.7184087, y: -0.69562125, z: -0.000060495644, w: -0.000069147725}
  m_LocalPosition: {x: 1.5004864, y: -0.0049316883, z: -1.7645633}
  m_LocalScale: {x: 0.99999994, y: 1, z: 0.99999994}
  m_Children:
  - {fileID: 4991224042936108}
  m_Father: {fileID: 4168674479835016}
  m_RootOrder: 2
  m_LocalEulerAnglesHint: {x: -0.09785348, y: 179.17264, z: -96.218}
--- !u!4 &4920366392979782
Transform:
  m_ObjectHideFlags: 1
  m_PrefabParentObject: {fileID: 0}
  m_PrefabInternal: {fileID: 100100000}
  m_GameObject: {fileID: 1692596725005110}
  m_LocalRotation: {x: -0.49280098, y: 0.5009392, z: -0.49905837, w: 0.5070975}
  m_LocalPosition: {x: -3.7984164, y: 0.0007579997, z: -0.047158122}
  m_LocalScale: {x: 1, y: 0.99999994, z: 0.99999994}
  m_Children: []
  m_Father: {fileID: 4995239895278502}
  m_RootOrder: 0
  m_LocalEulerAnglesHint: {x: -0.0000769042, y: 89.28604, z: -90.00001}
--- !u!4 &4933145668830676
Transform:
  m_ObjectHideFlags: 1
  m_PrefabParentObject: {fileID: 0}
  m_PrefabInternal: {fileID: 100100000}
  m_GameObject: {fileID: 1859645912702678}
  m_LocalRotation: {x: 0.7245499, y: -0.68922234, z: -0.000014807236, w: -0.000016285017}
  m_LocalPosition: {x: 1.5004866, y: -0.0049414635, z: 1.7645634}
  m_LocalScale: {x: 0.9999999, y: 0.99999994, z: 1}
  m_Children:
  - {fileID: 4593430664282678}
  m_Father: {fileID: 4168674479835016}
  m_RootOrder: 0
  m_LocalEulerAnglesHint: {x: -0.076604754, y: 179.19083, z: -76.35921}
--- !u!4 &4956218057303274
Transform:
  m_ObjectHideFlags: 1
  m_PrefabParentObject: {fileID: 0}
  m_PrefabInternal: {fileID: 100100000}
  m_GameObject: {fileID: 1324888422400582}
  m_LocalRotation: {x: -0.5, y: 0.5, z: 0.4999993, w: 0.5000007}
  m_LocalPosition: {x: -0, y: 0, z: 0}
  m_LocalScale: {x: 1, y: 0.99999994, z: 1}
  m_Children:
  - {fileID: 4168674479835016}
  m_Father: {fileID: 4995239895278502}
  m_RootOrder: 1
  m_LocalEulerAnglesHint: {x: -85.23544, y: 3.7922058, z: 86.21027}
--- !u!4 &4991224042936108
Transform:
  m_ObjectHideFlags: 1
  m_PrefabParentObject: {fileID: 0}
  m_PrefabInternal: {fileID: 100100000}
  m_GameObject: {fileID: 1729639792866356}
  m_LocalRotation: {x: 7.615428e-10, y: 4.252697e-11, z: 0.16021834, w: 0.9870816}
  m_LocalPosition: {x: -2.5382614, y: 0.00000011920929, z: 0.00000011920929}
  m_LocalScale: {x: 1.0000001, y: 1.0000001, z: 1}
  m_Children:
  - {fileID: 4367961208356030}
  m_Father: {fileID: 4855674134412676}
  m_RootOrder: 0
  m_LocalEulerAnglesHint: {x: 6.307609e-13, y: 8.1535473e-13, z: 3.250283}
--- !u!4 &4995239895278502
Transform:
  m_ObjectHideFlags: 1
  m_PrefabParentObject: {fileID: 0}
  m_PrefabInternal: {fileID: 100100000}
  m_GameObject: {fileID: 1146945634222988}
  m_LocalRotation: {x: -0.010108749, y: -0.0013295135, z: 0.70710504, w: 0.707035}
  m_LocalPosition: {x: 0, y: 3.7992089, z: -1.790835}
  m_LocalScale: {x: 1, y: 0.99999994, z: 1.0000001}
  m_Children:
  - {fileID: 4920366392979782}
  - {fileID: 4956218057303274}
  m_Father: {fileID: 4025142537291050}
  m_RootOrder: 0
  m_LocalEulerAnglesHint: {x: -0.7139435, y: 0.00027735654, z: 89.999916}
--- !u!65 &65327085544582068
BoxCollider:
  m_ObjectHideFlags: 1
  m_PrefabParentObject: {fileID: 0}
  m_PrefabInternal: {fileID: 100100000}
  m_GameObject: {fileID: 1757762009035298}
  m_Material: {fileID: 0}
  m_IsTrigger: 0
  m_Enabled: 1
  serializedVersion: 2
  m_Size: {x: 6.9272447, y: 9.225463, z: 10.845718}
  m_Center: {x: 0, y: 4.4525824, z: 0.75351715}
--- !u!82 &82702414582050322
AudioSource:
  m_ObjectHideFlags: 1
  m_PrefabParentObject: {fileID: 0}
  m_PrefabInternal: {fileID: 100100000}
  m_GameObject: {fileID: 1757762009035298}
  m_Enabled: 1
  serializedVersion: 4
  OutputAudioMixerGroup: {fileID: 243798290174120484, guid: 695d2b7e8fcb4584391b1deb4d83bfa6,
    type: 2}
  m_audioClip: {fileID: 0}
  m_PlayOnAwake: 0
  m_Volume: 1
  m_Pitch: 1
  Loop: 0
  Mute: 0
  Spatialize: 0
  SpatializePostEffects: 0
  Priority: 128
  DopplerLevel: 1
  MinDistance: 1
  MaxDistance: 50
  Pan2D: 0
  rolloffMode: 0
  BypassEffects: 0
  BypassListenerEffects: 0
  BypassReverbZones: 0
  rolloffCustomCurve:
    serializedVersion: 2
    m_Curve:
    - serializedVersion: 2
      time: 0
      value: 1
      inSlope: 0
      outSlope: 0
      tangentMode: 0
    - serializedVersion: 2
      time: 1
      value: 0
      inSlope: 0
      outSlope: 0
      tangentMode: 0
    m_PreInfinity: 2
    m_PostInfinity: 2
    m_RotationOrder: 4
  panLevelCustomCurve:
    serializedVersion: 2
    m_Curve:
    - serializedVersion: 2
      time: 0
      value: 0
      inSlope: 0
      outSlope: 0
      tangentMode: 0
    m_PreInfinity: 2
    m_PostInfinity: 2
    m_RotationOrder: 0
  spreadCustomCurve:
    serializedVersion: 2
    m_Curve:
    - serializedVersion: 2
      time: 0
      value: 0
      inSlope: 0
      outSlope: 0
      tangentMode: 0
    m_PreInfinity: 2
    m_PostInfinity: 2
    m_RotationOrder: 0
  reverbZoneMixCustomCurve:
    serializedVersion: 2
    m_Curve:
    - serializedVersion: 2
      time: 0
      value: 1
      inSlope: 0
      outSlope: 0
      tangentMode: 0
    m_PreInfinity: 2
    m_PostInfinity: 2
    m_RotationOrder: 0
--- !u!95 &95465196936817088
Animator:
  serializedVersion: 3
  m_ObjectHideFlags: 1
  m_PrefabParentObject: {fileID: 0}
  m_PrefabInternal: {fileID: 100100000}
  m_GameObject: {fileID: 1757762009035298}
  m_Enabled: 1
  m_Avatar: {fileID: 9000000, guid: 5fa1ffabb8791754e8492e8ed1dfffbe, type: 3}
  m_Controller: {fileID: 9100000, guid: b1266890a6e0c8b4ea5f7b0509e5c7ca, type: 2}
  m_CullingMode: 1
  m_UpdateMode: 0
  m_ApplyRootMotion: 1
  m_LinearVelocityBlending: 0
  m_WarningMessage: 
  m_HasTransformHierarchy: 1
  m_AllowConstantClipSamplingOptimization: 1
--- !u!114 &114015625127649548
MonoBehaviour:
  m_ObjectHideFlags: 1
  m_PrefabParentObject: {fileID: 0}
  m_PrefabInternal: {fileID: 100100000}
  m_GameObject: {fileID: 1757762009035298}
  m_Enabled: 1
  m_EditorHideFlags: 0
  m_Script: {fileID: 11500000, guid: 5b2308e8899fe1448a7db604e7554eaa, type: 3}
  m_Name: 
  m_EditorClassIdentifier: 
  verticalTextOffset: 0
  pathOfset: 0.5
  pathColor: {r: 1, g: 0.44852942, b: 0.8395221, a: 1}
  fontSize: 10
--- !u!114 &114347050845507540
MonoBehaviour:
  m_ObjectHideFlags: 1
  m_PrefabParentObject: {fileID: 0}
  m_PrefabInternal: {fileID: 100100000}
  m_GameObject: {fileID: 1757762009035298}
  m_Enabled: 1
  m_EditorHideFlags: 0
  m_Script: {fileID: 11500000, guid: 79a3f0bc3f53314418b6a15b0b24a55c, type: 3}
  m_Name: 
  m_EditorClassIdentifier: 
  idleSound: {fileID: 11400000, guid: 07e31be11e973e943971734fb2bdfd71, type: 2}
  impactSound: {fileID: 11400000, guid: 95c223afac7a9704c992046fcd8024f6, type: 2}
  deathSound: {fileID: 11400000, guid: 959089bdb58fab14e9dcb49b8e14669d, type: 2}
  idleSoundDelay:
    minValue: 3
    maxValue: 5.138973
--- !u!114 &114385512757822080
MonoBehaviour:
  m_ObjectHideFlags: 1
  m_PrefabParentObject: {fileID: 0}
  m_PrefabInternal: {fileID: 100100000}
  m_GameObject: {fileID: 1757762009035298}
  m_Enabled: 1
  m_EditorHideFlags: 0
  m_Script: {fileID: 11500000, guid: b52dd7f66e313ae45bcb976db9014a0e, type: 3}
  m_Name: 
  m_EditorClassIdentifier: 
  maxHealth: 1
  deathCleanupDelay: 2
--- !u!114 &114457257757745706
MonoBehaviour:
  m_ObjectHideFlags: 1
  m_PrefabParentObject: {fileID: 0}
  m_PrefabInternal: {fileID: 100100000}
  m_GameObject: {fileID: 1757762009035298}
  m_Enabled: 1
  m_EditorHideFlags: 0
  m_Script: {fileID: 11500000, guid: b3d9fb6186572f248aef533d586358d1, type: 3}
  m_Name: 
  m_EditorClassIdentifier: 
  agroRange: 5
  stopChaseRange: 10
  wanderDistance: 3
--- !u!114 &114756550992888722
MonoBehaviour:
  m_ObjectHideFlags: 1
  m_PrefabParentObject: {fileID: 0}
  m_PrefabInternal: {fileID: 100100000}
  m_GameObject: {fileID: 1757762009035298}
  m_Enabled: 1
  m_EditorHideFlags: 0
  m_Script: {fileID: 11500000, guid: 4db9ac17a9795ca49a16e4a6537a5e17, type: 3}
  m_Name: 
  m_EditorClassIdentifier: 
--- !u!114 &114801711101726710
MonoBehaviour:
  m_ObjectHideFlags: 1
  m_PrefabParentObject: {fileID: 0}
  m_PrefabInternal: {fileID: 100100000}
  m_GameObject: {fileID: 1757762009035298}
  m_Enabled: 1
  m_EditorHideFlags: 0
  m_Script: {fileID: 11500000, guid: 3d29e413635012444a39c4b3dd5182e3, type: 3}
  m_Name: 
  m_EditorClassIdentifier: 
--- !u!137 &137188523656003934
SkinnedMeshRenderer:
  m_ObjectHideFlags: 1
  m_PrefabParentObject: {fileID: 0}
  m_PrefabInternal: {fileID: 100100000}
  m_GameObject: {fileID: 1123581931612750}
  m_Enabled: 1
  m_CastShadows: 1
  m_ReceiveShadows: 1
  m_MotionVectors: 1
  m_LightProbeUsage: 0
  m_ReflectionProbeUsage: 1
  m_Materials:
  - {fileID: 2100000, guid: 5c325f6fe8e71e046b6b9fc83e9466b4, type: 2}
  m_StaticBatchInfo:
    firstSubMesh: 0
    subMeshCount: 0
  m_StaticBatchRoot: {fileID: 0}
  m_ProbeAnchor: {fileID: 0}
  m_LightProbeVolumeOverride: {fileID: 0}
  m_ScaleInLightmap: 1
  m_PreserveUVs: 0
  m_IgnoreNormalsForChartDetection: 0
  m_ImportantGI: 0
  m_SelectedEditorRenderState: 3
  m_MinimumChartSize: 4
  m_AutoUVMaxDistance: 0.5
  m_AutoUVMaxAngle: 89
  m_LightmapParameters: {fileID: 0}
  m_SortingLayerID: 0
  m_SortingLayer: 0
  m_SortingOrder: 0
  serializedVersion: 2
  m_Quality: 0
  m_UpdateWhenOffscreen: 0
  m_SkinnedMotionVectors: 1
  m_Mesh: {fileID: 4300002, guid: 5fa1ffabb8791754e8492e8ed1dfffbe, type: 3}
  m_Bones:
  - {fileID: 4615902322046090}
  - {fileID: 4168674479835016}
  - {fileID: 4956218057303274}
  - {fileID: 4855674134412676}
  - {fileID: 4991224042936108}
  - {fileID: 4367961208356030}
  - {fileID: 4200846118557102}
  - {fileID: 4064210046979830}
  - {fileID: 4276301845408370}
  - {fileID: 4933145668830676}
  - {fileID: 4593430664282678}
  - {fileID: 4501334522432266}
  - {fileID: 4341377513264314}
  - {fileID: 4545573688571006}
  - {fileID: 4125611150206846}
  - {fileID: 4634426908794700}
  m_BlendShapeWeights: []
  m_RootBone: {fileID: 4956218057303274}
  m_AABB:
    m_Center: {x: -3.2435951, y: -0.9505818, z: 0.0002770424}
    m_Extent: {x: 6.019679, y: 4.890256, z: 3.9196703}
  m_DirtyAABB: 0
--- !u!195 &195796612731555110
NavMeshAgent:
  m_ObjectHideFlags: 1
  m_PrefabParentObject: {fileID: 0}
  m_PrefabInternal: {fileID: 100100000}
  m_GameObject: {fileID: 1757762009035298}
  m_Enabled: 1
  m_AgentTypeID: 0
  m_Radius: 0.5
  m_Speed: 1
  m_Acceleration: 8
  avoidancePriority: 50
  m_AngularSpeed: 120
  m_StoppingDistance: 0
  m_AutoTraverseOffMeshLink: 1
  m_AutoBraking: 1
  m_AutoRepath: 1
  m_Height: 2
  m_BaseOffset: 0
  m_WalkableMask: 4294967295
  m_ObstacleAvoidanceType: 4
